@article{einstein,
    author =       "Albert Einstein",
    title =        "{Zur Elektrodynamik bewegter K{\"o}rper}. ({German})
        [{On} the electrodynamics of moving bodies]",
    journal =      "Annalen der Physik",
    volume =       "322",
    number =       "10",
    pages =        "891--921",
    year =         "1905",
    DOI =          "http://dx.doi.org/10.1002/andp.19053221004"
}


@misc{morin,
    author    = "David Morin",
    title     = "Waves",
    year      = "2010",
	note      = "\url{http://www.people.fas.harvard.edu/~djmorin/waves/interference.pdf}. Accessed: 30/8/2019"
}

@book{halliday,
    author    = "Halliday and Resnick and Walker",
    title     = "Fundamentals of Physics",
    edition   = "9th",
    year      = "2011",
    publisher = "John Wiley \& Sons",
    address   = "Massachusetts"
}

@book{friedrich2000dirac,
  title={Dirac operators in Riemannian geometry},
  author={Friedrich, Thomas},
  volume={25},
  year={2000},
  publisher={American Mathematical Soc.}
}
